@BOOK{book:extanw,
  title = {{Externes Anwendungsmanagement: Organisation des Lebenszyklus komponentenbasierter, mobiler Anwendungen}},
 publisher = {Springer-Verlag},
  year = {2007 (in German)},
  author = {JÃ¶rg Lonthoff},
  timestamp = {2016.01.23}
}